@article{methodology-steganalysis-images,
    author = "{A. Hernandez-Chamorro, A. Espejel-Trujillo, J. Lopez-Hernandez, M. Nakano-Miyatake, H. Perez-Meana}",
    title = "A Methodology of Steganalysis for Images",
    year = "2009"
}

@online{steganography-definition,
    author = "Merriam Webster",
    title = "Steganography definition",
    url = "https://www.merriam-webster.com/dictionary/steganography"
}

@article{new-detection-lsb-steganography,
    author = {T. Zhang, X. Ping},
    title = {A new approach to reliable detection of LSB steganography in natural images},
    year = {2003},
    DOI = {https://doi.org/10.1016/S0165-1684(03)00169-5}
}